@article{kufleitner2009on,
    title={On Bijective Variants of the Burrows-Wheeler Transform},
    author={Kufleitner, Manfred},
    journal={prague stringology conference},
    pages={65--79},
    year={2009}
}

@misc{bzip2,
    title = {Wikipedia: bzip2},
    howpublished = "\href{https://en.wikipedia.org/wiki/Bzip2}{https://en.wikipedia.org/wiki/Bzip2}",
    year = {2017},
    note = "[Online; accessed \today]"
}
